<?xml version="1.0" encoding="UTF-8"?>
<collection xmlns:xsi="http://www.w3.org/2001/XMLSchema-instance" xsi:schemaLocation="http://www.loc.gov/MARC21/slim http://www.loc.gov/standards/marcxml/schema/MARC21slim.xsd" xmlns="http://www.loc.gov/MARC21/slim">
<record>
  <leader>00931mam a2200265   4500</leader>
  <controlfield tag="001">1682378</controlfield>
  <controlfield tag="003">NNC</controlfield>
  <controlfield tag="005">20100217223152.0</controlfield>
  <controlfield tag="008">800108s1969    iq            000 0 ara  </controlfield>
  <datafield tag="010" ind1=" " ind2=" ">
    <subfield code="a">   71238011 </subfield>
  </datafield>
  <datafield tag="035" ind1=" " ind2=" ">
    <subfield code="a">(OCoLC)40685450</subfield>
  </datafield>
  <datafield tag="035" ind1=" " ind2=" ">
    <subfield code="a">(OCoLC)ocm40685450</subfield>
  </datafield>
  <datafield tag="035" ind1=" " ind2=" ">
    <subfield code="9">AKV0453CU</subfield>
  </datafield>
  <datafield tag="035" ind1=" " ind2=" ">
    <subfield code="a">(NNC)1682378</subfield>
  </datafield>
  <datafield tag="040" ind1=" " ind2=" ">
    <subfield code="c">NN</subfield>
    <subfield code="d">NN</subfield>
    <subfield code="d">NNC</subfield>
  </datafield>
  <datafield tag="050" ind1=" " ind2=" ">
    <subfield code="a">PN5449.I7</subfield>
    <subfield code="b">T5</subfield>
  </datafield>
  <datafield tag="100" ind1="1" ind2=" ">
    <subfield code="a">Takrītī, Munīr Bakr.</subfield>
  </datafield>
  <datafield tag="245" ind1="1" ind2="3">
    <subfield code="a">al-Ṣiḥāfah al-ʻIrāqīyah</subfield>
    <subfield code="b">wa-ittijāhātihā al-siyāsīyah wa-al-ijtimāʻīyah wa-al-thaqāfīyah min 1869-1921.</subfield>
  </datafield>
  <datafield tag="260" ind1=" " ind2=" ">
    <subfield code="a">Baghdād,</subfield>
    <subfield code="b">Maṭbaʻat al-Irshād,</subfield>
    <subfield code="c">1969.</subfield>
  </datafield>
  <datafield tag="300" ind1=" " ind2=" ">
    <subfield code="a">312 p.</subfield>
    <subfield code="c">25 cm.</subfield>
  </datafield>
  <datafield tag="500" ind1=" " ind2=" ">
    <subfield code="a">Cover title: Journalism in Iraq, political, social and cultural trends, 1869-1921, by Munir Bakir al-Tikriti.</subfield>
  </datafield>
  <datafield tag="500" ind1=" " ind2=" ">
    <subfield code="a">Risālat al-Majistair - Jāmiʻat al-Qāhirah.</subfield>
  </datafield>
  <datafield tag="500" ind1=" " ind2=" ">
    <subfield code="a">Bibliography: p. 307-311.</subfield>
  </datafield>
  <datafield tag="650" ind1=" " ind2="0">
    <subfield code="a">Press</subfield>
    <subfield code="z">Iraq.</subfield>
  </datafield>
  <datafield tag="955" ind1=" " ind2=" ">
    <subfield code="b">CU50177893</subfield>
    <subfield code="d">off,glx</subfield>
    <subfield code="e">PN5449.I7 T5</subfield>
  </datafield>
</record>
</collection>